<?xml version="1.0" encoding="UTF-8"?>
<record xmlns="http://www.loc.gov/MARC21/slim" xmlns:xsi="http://www.w3.org/2001/XMLSchema-instance" xsi:schemaLocation="http://www.loc.gov/MARC21/slim http://www.loc.gov/standards/marcxml/schema/MARC21slim.xsd">
<leader>     cam a2200217   4500</leader>
<controlfield tag="001">001682988</controlfield>
<controlfield tag="003">NNU</controlfield>
<controlfield tag="005">20001219004408.0</controlfield>
<controlfield tag="008">000823s1929    ua            00  0 ara</controlfield>
<datafield tag="035" ind1="9" ind2=" ">
<subfield code="a">NYUb12226406</subfield>
</datafield>
<datafield tag="035" ind1=" " ind2=" ">
<subfield code="a">(UPvMLC)DCGGB15256169-B</subfield>
</datafield>
<datafield tag="100" ind1="0" ind2=" ">
<subfield code="a">Ibn al-Khaṭīb,</subfield>
<subfield code="d">d. 1374.</subfield>
</datafield>
<datafield tag="245" ind1="1" ind2="3">
<subfield code="a">al-Lamḥah al-badrīyah fī al-dawlah al-Naṣrīyah /</subfield>
<subfield code="c">taʼlīf Lisān al-Dīn ibn al-Khaṭīb ; ṣaḥḥaḥahu wa-waḍaʻa fahārisahu Muḥibb al-Dīn al-Khaṭīb.</subfield>
</datafield>
<datafield tag="260" ind1=" " ind2=" ">
<subfield code="a">al-Qāhirah :</subfield>
<subfield code="b">al-Maṭbaʻah al-Salafīyah,</subfield>
<subfield code="c">1929.</subfield>
</datafield>
<datafield tag="300" ind1=" " ind2=" ">
<subfield code="a">152 p.</subfield>
</datafield>
<datafield tag="650" ind1=" " ind2="0">
<subfield code="a">Nasrides.</subfield>
</datafield>
<datafield tag="651" ind1=" " ind2="0">
<subfield code="a">Spain</subfield>
<subfield code="x">History</subfield>
<subfield code="y">711-1516.</subfield>
</datafield>
<datafield tag="651" ind1=" " ind2="0">
<subfield code="a">Granada (Kingdom)</subfield>
<subfield code="x">History.</subfield>
</datafield>
<datafield tag="OWN" ind1=" " ind2=" ">
<subfield code="a">GENERAL</subfield>
</datafield>
<datafield tag="950" ind1=" " ind2=" ">
<subfield code="l">BMAIN</subfield>
<subfield code="a">DP302.A46</subfield>
<subfield code="b">I18</subfield>
</datafield>
<datafield tag="955" ind1=" " ind2=" ">
<subfield code="l">BMAIN</subfield>
<subfield code="c">1</subfield>
<subfield code="r">025318547</subfield>
</datafield>
<datafield tag="955" ind1=" " ind2=" ">
<subfield code="l">BMAIN</subfield>
<subfield code="c">2</subfield>
<subfield code="r">025318869</subfield>
</datafield>
<datafield tag="998" ind1=" " ind2=" ">
<subfield code="s">9115</subfield>
</datafield>
<datafield tag="AVA" ind1=" " ind2=" ">
<subfield code="a">NYU50</subfield>
<subfield code="b">BOBST</subfield>
<subfield code="c">Main Collection</subfield>
<subfield code="d">DP302.A46 I18</subfield>
<subfield code="e">unavailable</subfield>
<subfield code="t">Unavailable</subfield>
<subfield code="f">1</subfield>
<subfield code="g">1</subfield>
<subfield code="h">N</subfield>
<subfield code="i">0</subfield>
<subfield code="j">MAIN</subfield>
<subfield code="k">0</subfield>
</datafield>
</record>
